	
@article{ref0,
	author = {Hongjian Shi and 
			  William C. Scarfe and
			  Allan G. Farman
			  },
	title = {Maxillary sinus 3D segmentation and reconstruction
	from cone beam CT data sets},
	journaltitle = {},
	year = {2006},
}

@article{ref1,
	author = {Nhat Linh Bui and
				Sim Heng Ong and
				Kelvin Weng Chiong Foong
				},
	title = {Automatic segmentation of the nasal cavity and paranasal sinuses
	from cone-beam CT images},
	journaltitle = {},
	year = {2014}
}

